<?xml version="1.0" encoding="UTF-8"?><collection xmlns="http://www.loc.gov/MARC21/slim"><record><leader>00472nam--2200169-i-4500</leader><controlfield tag="001">000014056</controlfield><controlfield tag="002">20161230</controlfield><controlfield tag="005">20161230201030</controlfield><controlfield tag="008">060222s1000------------r-----000-0-fre-d</controlfield><datafield ind1=" " ind2=" " tag="040"><subfield code="a">fre</subfield></datafield><datafield ind1=" " ind2=" " tag="080"><subfield code="a">519.217.5(043)7</subfield></datafield><datafield ind1="1" ind2=" " tag="100"><subfield code="a">Canetti, Jocelyne</subfield></datafield><datafield ind1=" " ind2=" " tag="245"><subfield code="a">Fonctionnelles gauches et changement de temps. these</subfield><subfield code="c">Jocelyne Canetti</subfield></datafield><datafield ind1=" " ind2=" " tag="260"><subfield code="a">Paris, Universite Pierre Et Marie Curie, 1978</subfield></datafield><datafield ind1=" " ind2=" " tag="300"><subfield code="a">61 P</subfield></datafield><datafield ind1=" " ind2=" " tag="852"><subfield code="a">49748</subfield><subfield code="c">519.2</subfield></datafield><datafield ind1=" " ind2=" " tag="CAT"><subfield code="a">Sys</subfield><subfield code="c">20100608</subfield><subfield code="h">110447</subfield></datafield></record></collection>